@misc{siccity_2021_github,
  author = {Siccity},
  month = {01},
  title = {GitHub - Siccity/GLTFUtility: Simple GLTF importer for Unity},
  url = {https://github.com/Siccity/GLTFUtility},
  urldate = {2025-04-20},
  year = {2021},
  organization = {GitHub}
}

@misc{aubry_2024_aaubryyamldotnet,
  author = {Aubry, Antoine},
  month = {02},
  title = {aaubry/YamlDotNet},
  url = {https://github.com/aaubry/YamlDotNet},
  year = {2024},
  organization = {GitHub}
}

@misc{ozzyking_2024_github,
  author = {Osbourne, Clark},
  title = {GitHub - Ozzy-King/Co-operationLevelEditor},
  url = {https://github.com/Ozzy-King/Co-operationLevelEditor},
  urldate = {2025-04-20},
  year = {2024},
  organization = {GitHub}
}

@misc{_2024_leveleditor,
  author = {Osbourne, Clark},
  month = {03},
  title = {GitHub - first Editor In Original Project},
  url = {https://github.com/Ozzy-King/comp2003-2023-23-fork/blob/ab117b70298c4bec842b7535e79fbe3f87af20d5/SourceCode/group23Package_Polish/Levels/levelEditorCoop.exe},
  urldate = {2025-04-20},
  year = {2024},
  organization = {GitHub}
}